<record><leader>00000cas a2200000 a 4500</leader><controlfield tag="001">11721960</controlfield><controlfield tag="008">850222d18891890ksuwr ne      0   a0eng d</controlfield><datafield ind1=" " ind2=" " tag="010"><subfield code="a">sn 85030963 </subfield></datafield><datafield ind1=" " ind2=" " tag="040"><subfield code="a">KSH</subfield><subfield code="b">eng</subfield><subfield code="c">KSH</subfield><subfield code="d">NPT</subfield><subfield code="d">OCL</subfield><subfield code="d">OCLCQ</subfield></datafield><datafield ind1=" " ind2=" " tag="042"><subfield code="a">msc</subfield></datafield><datafield ind1="0" ind2="0" tag="245"><subfield code="a">Logan County republican and Logan County leader.</subfield></datafield><datafield ind1=" " ind2=" " tag="260"><subfield code="a">Russell Springs, Kan. :</subfield><subfield code="b">J.K. Hupp,</subfield><subfield code="c">1889-1890.</subfield></datafield><datafield ind1=" " ind2=" " tag="300"><subfield code="a">1 v. :</subfield><subfield code="b">ill. ;</subfield><subfield code="c">50 cm.</subfield></datafield><datafield ind1=" " ind2=" " tag="310"><subfield code="a">Weekly</subfield></datafield><datafield ind1="0" ind2=" " tag="362"><subfield code="a">Vol. 3, no. 12 (Mar. 7, 1889)-v. 4, no. 7 (Jan. 30, 1890).</subfield></datafield><datafield ind1=" " ind2=" " tag="515"><subfield code="a">Jan. 30, 1890 issue and Feb. 6, 1890 issue of Logan County republican (Russell Springs, Kan. : 1890) both numbered v. 4, no. 7.</subfield></datafield><datafield ind1=" " ind2=" " tag="752"><subfield code="a">United States</subfield><subfield code="b">Kansas</subfield><subfield code="c">Logan</subfield><subfield code="d">Russell Springs.</subfield></datafield><datafield ind1="0" ind2="4" tag="780"><subfield code="t">Logan County republican (Russell Springs, Kan. : 1888)</subfield><subfield code="w">(DLC)sn 85030960</subfield></datafield><datafield ind1="0" ind2="4" tag="780"><subfield code="t">Logan County leader</subfield><subfield code="w">(DLC)sn 85030961</subfield></datafield><datafield ind1="0" ind2="0" tag="785"><subfield code="t">Logan County republican (Russell Springs, Kan. : 1890)</subfield><subfield code="w">(DLC)sn 85030962</subfield></datafield></record>